@inproceedings{Whitehill2014AutomaticFE,
  title={Automatic Facial Expression Recognition},
  author={Jacob Whitehill and Marian Stewart Bartlett and Javier R. Movellan and Emotient},
  year={2014}
}

@book{press2007numerical,
  title={Numerical recipes 3rd edition: The art of scientific computing},
  author={Press, William H and Teukolsky, Saul A and Vetterling, William T and Flannery, Brian P},
  year={2007},
  publisher={Cambridge university press}
}

@article{aggarwal1999human,
  title={Human motion analysis: A review},
  author={Aggarwal, Jake K and Cai, Quin},
  journal={Computer vision and image understanding},
  volume={73},
  number={3},
  pages={428--440},
  year={1999},
  publisher={Elsevier}
}

@book{burgoon2016nonverbal,
  title={Nonverbal communication},
  author={Burgoon, Judee K and Guerrero, Laura K and Floyd, Kory},
  year={2016},
  publisher={Routledge}
}

@article{borza2017high,
  title={High-speed video system for micro-expression detection and recognition},
  author={Borza, Diana and Danescu, Radu and Itu, Razvan and Darabant, Adrian},
  journal={Sensors},
  volume={17},
  number={12},
  pages={2913},
  year={2017},
  publisher={Multidisciplinary Digital Publishing Institute}
}

@article{uijlings2010real,
  title={Real-time visual concept classification},
  author={Uijlings, Jasper RR and Smeulders, Arnold WM and Scha, Remko JH},
  journal={IEEE Transactions on Multimedia},
  volume={12},
  number={7},
  pages={665--681},
  year={2010},
  publisher={IEEE}
}

@article{cortes1995support,
  title={Support-vector networks},
  author={Cortes, Corinna and Vapnik, Vladimir},
  journal={Machine learning},
  volume={20},
  number={3},
  pages={273--297},
  year={1995},
  publisher={Springer}
}

@inproceedings{davison2014micro,
  title={Micro-facial movements: an investigation on spatio-temporal descriptors},
  author={Davison, Adrian K and Yap, Moi Hoon and Costen, Nicholas and Tan, Kevin and Lansley, Cliff and Leightley, Daniel},
  booktitle={European conference on computer vision},
  pages={111--123},
  year={2014},
  organization={Springer}
}


@inproceedings{abuhammad2018emotional,
  title={Emotional Faces in the Wild: Feature Descriptors for Emotion Classification},
  author={Abuhammad, Huthaifa and Everson, Richard},
  booktitle={International Conference Image Analysis and Recognition},
  pages={164--174},
  year={2018},
  organization={Springer}
}

@misc(MatlabCurveTB2018,
  key = {MathWorks(2018a) MATLAB: Curve Fitting Toolbox, Filteringand Smoothing Data},
  title = {MathWorks(R) MATLAB: Curve Fitting Toolbox, Filteringand Smoothing Data},
  year = {2018}
  note = {The MathWorks, Natick, MA, USA}
}

@article{savitzky1964smoothing,
  title={Smoothing and differentiation of data by simplified least squares procedures.},
  author={Savitzky, Abraham and Golay, Marcel JE},
  journal={Analytical chemistry},
  volume={36},
  number={8},
  pages={1627--1639},
  year={1964},
  publisher={ACS Publications}
}

@inproceedings{huang2012learning,
  title={Learning to align from scratch},
  author={Huang, Gary and Mattar, Marwan and Lee, Honglak and Learned-Miller, Erik G},
  booktitle={Advances in neural information processing systems},
  pages={764--772},
  year={2012}
}


@book{mockus2012bayesian,
  title={Bayesian approach to global optimization: theory and applications},
  author={Mockus, Jonas},
  volume={37},
  year={2012},
  publisher={Springer Science \& Business Media}
}


@article{ekman1973cross,
  title={Cross-cultural studies of facial expression},
  author={Ekman, Paul},
  journal={Darwin and facial expression: A century of research in review},
  volume={169222},
  pages={1},
  year={1973}
}

@TechReport{LFWTechUpdate,
  author =       {Gary B. Huang Erik Learned-Miller},
  title =        {Labeled Faces in the Wild: Updates and New Reporting 
                  Procedures},
  institution =  {University of Massachusetts, Amherst},
  year =         2014,
  number =       {UM-CS-2014-003},
  month =        {May}}
  
  
@TechReport{LFWTech,
  author =       {Gary B. Huang and Manu Ramesh and Tamara Berg and 
                  Erik Learned-Miller},
  title =        {Labeled Faces in the Wild: A Database for Studying 
                  Face Recognition in Unconstrained Environments},
  institution =  {University of Massachusetts, Amherst},
  year =         2007,
  number =       {07-49},
  month =        {October}}
  
  


@article{martinez1998ar,
  title={The AR face database},
  author={Martinez, Aleix M},
  journal={CVC Technical Report24},
  year={1998}
}


@article{kasinski2008put,
  title={The PUT face database},
  author={Kasinski, Andrzej and Florek, Andrzej and Schmidt, Adam},
  journal={Image Processing and Communications},
  volume={13},
  number={3-4},
  pages={59--64},
  year={2008}
}

@inproceedings{lyons1998coding,
  title={Coding facial expressions with gabor wavelets},
  author={Lyons, Michael and Akamatsu, Shigeru and Kamachi, Miyuki and Gyoba, Jiro},
  booktitle={Automatic Face and Gesture Recognition, 1998. Proceedings. Third IEEE International Conference on},
  pages={200--205},
  year={1998},
  organization={IEEE}
}

@article{wallhoff2006facial,
  title={Facial expressions and emotion database},
  author={Wallhoff, Frank},
  journal={http://www. mmk. ei. tum. de/\~{} waf/fgnet/feedtum. html},
  year={2006},
  publisher={Technische Universitat Munchen}
}


@inproceedings{ekman1971universals,
  title={Universals and cultural differences in facial expressions of emotion.},
  author={Ekman, Paul},
  booktitle={Nebraska symposium on motivation},
  year={1971},
  organization={University of Nebraska Press}
}

@inproceedings{pantic2005web,
  title={Web-based database for facial expression analysis},
  author={Pantic, Maja and Valstar, Michel and Rademaker, Ron and Maat, Ludo},
  booktitle={Multimedia and Expo, 2005. ICME 2005. IEEE International Conference on},
  pages={5--pp},
  year={2005},
  organization={IEEE}
}

@book{ekman1997face,
  title={What the face reveals: Basic and applied studies of spontaneous expression using the Facial Action Coding System (FACS)},
  author={Ekman, Paul and Rosenberg, Erika L},
  year={1997},
  publisher={Oxford University Press, USA}
}

@book{scherer2010blueprint,
  title={A Blueprint for Affective Computing: A sourcebook and manual},
  author={Scherer, Klaus R and B{\"a}nziger, Tanja and Roesch, Etienne},
  year={2010},
  publisher={Oxford University Press}
}

@incollection{pantic2007human,
  title={Human computing and machine understanding of human behavior: A survey},
  author={Pantic, Maja and Pentland, Alex and Nijholt, Anton and Huang, Thomas S},
  booktitle={Artifical Intelligence for Human Computing},
  pages={47--71},
  year={2007},
  publisher={Springer}
}

@article{anderson2006real,
  title={A real-time automated system for the recognition of human facial expressions},
  author={Anderson, Keith and McOwan, Peter W},
  journal={IEEE Transactions on Systems, Man, and Cybernetics, Part B (Cybernetics)},
  volume={36},
  number={1},
  pages={96--105},
  year={2006},
  publisher={IEEE}
}


@phdthesis{khan2013detection,
  title={Detection of emotions from video in non-controlled environment},
  author={Khan, Rizwan Ahmed},
  year={2013},
  school={Universit{\'e} Claude Bernard-Lyon I}
}


@article{barati2011parameter,
  title={Parameter estimation of nonlinear Muskingum models using Nelder-Mead simplex algorithm},
  author={Barati, Reza},
  journal={Journal of Hydrologic Engineering},
  volume={16},
  number={11},
  pages={946--954},
  year={2011},
  publisher={American Society of Civil Engineers}
}

@book{simonoff2012smoothing,
  title={Smoothing methods in statistics},
  author={Simonoff, Jeffrey S},
  year={2012},
  publisher={Springer Science \& Business Media}
}


@book{MATLAB2018a,
year = {2018},
author = {MATLAB},
title = {9.4.0.763801 (R2018a) Prerelease)},
publisher = {The MathWorks Inc.},
address = {Natick, Massachusetts}
}
@article{tcherkassof2013dynemo,
  title={DynEmo: A video database of natural facial expressions of emotions.},
  author={Tcherkassof, Anna and Dupr{\'e}, Damien and Meillon, Brigitte and Mandran, Nadine and Dubois, Michel and Adam, Jean-Michel},
  journal={The International Journal of Multimedia \& Its Applications},
  volume={5},
  number={5},
  pages={61--80},
  year={2013}
}


@inproceedings{dhall2013emotion,
  title={Emotion recognition in the wild challenge 2013},
  author={Dhall, Abhinav and Goecke, Roland and Joshi, Jyoti and Wagner, Michael and Gedeon, Tom},
  booktitle={Proceedings of the 15th ACM on International conference on multimodal interaction},
  pages={509--516},
  year={2013},
  organization={ACM}
}

@inproceedings{dhall2014emotion,
  title={Emotion recognition in the wild challenge 2014: Baseline, data and protocol},
  author={Dhall, Abhinav and Goecke, Roland and Joshi, Jyoti and Sikka, Karan and Gedeon, Tom},
  booktitle={Proceedings of the 16th International Conference on Multimodal Interaction},
  pages={461--466},
  year={2014},
  organization={ACM}
}

@inproceedings{dhall2015video,
  title={Video and image based emotion recognition challenges in the wild: Emotiw 2015},
  author={Dhall, Abhinav and Ramana Murthy, OV and Goecke, Roland and Joshi, Jyoti and Gedeon, Tom},
  booktitle={Proceedings of the 2015 ACM on International Conference on Multimodal Interaction},
  pages={423--426},
  year={2015},
  organization={ACM}
}

@inproceedings{dhall2016emotiw,
  title={Emotiw 2016: Video and group-level emotion recognition challenges},
  author={Dhall, Abhinav and Goecke, Roland and Joshi, Jyoti and Hoey, Jesse and Gedeon, Tom},
  booktitle={Proceedings of the 18th ACM International Conference on Multimodal Interaction},
  pages={427--432},
  year={2016},
  organization={ACM}
}


@article{nelder1965simplex,
  title={A simplex method for function minimization},
  author={Nelder, John A and Mead, Roger},
  journal={The computer journal},
  volume={7},
  number={4},
  pages={308--313},
  year={1965},
  publisher={Oxford University Press}
}


@incollection{hansen2006eda,
   author    = {Hansen, N.},
   title     = {The {CMA} evolution strategy: a comparing review},
   booktitle = {Towards a new evolutionary computation.
                Advances on estimation of distribution algorithms},
   publisher = {Springer},
   year      = {2006},
   editor    = {Lozano, J.A. and Larranaga, P. and Inza, I. and
                Bengoetxea, E.},
   pages     = {75--102}
}

@article{kanan2012color,
  title={Color-to-grayscale: does the method matter in image recognition?},
  author={Kanan, Christopher and Cottrell, Garrison W},
  journal={PloS one},
  volume={7},
  number={1},
  pages={e29740},
  year={2012},
  publisher={Public Library of Science}
}


@phdthesis{candra2017emotion,
  title={Emotion recognition using facial expression and electroencephalography features with support vector machine classifier},
  author={Candra, Henry and others},
  year={2017}
}


@phdthesis{Random2012Medical,
  title={Random Forests for Medical Applications},
  author={Olivier Pauly},
  year={2012},
  school={University of Munich}
}

@inproceedings{berretti2010set,
  title={A set of selected SIFT features for 3D facial expression recognition},
  author={Berretti, Stefano and Del Bimbo, Alberto and Pala, Pietro and Amor, Boulbaba Ben and Daoudi, Mohamed},
  booktitle={Pattern Recognition (ICPR), 2010 20th International Conference on},
  pages={4125--4128},
  year={2010},
  organization={IEEE}
}


@inproceedings{zhang2008face,
  title={Face recognition using scale invariant feature transform and support vector machine},
  author={Zhang, Lichun and Chen, Junwei and Lu, Yue and Wang, Patrick},
  booktitle={Young Computer Scientists, 2008. ICYCS 2008. The 9th International Conference for},
  pages={1766--1770},
  year={2008},
  organization={IEEE}
}

@article{soyel2012localized,
  title={Localized discriminative scale invariant feature transform based facial expression recognition},
  author={Soyel, Hamit and Demirel, Hasan},
  journal={Computers \& Electrical Engineering},
  volume={38},
  number={5},
  pages={1299--1309},
  year={2012},
  publisher={Elsevier}
}


@article{karami2017image,
  title={Image matching using SIFT, SURF, BRIEF and ORB: Performance comparison for distorted images},
  author={Karami, Ebrahim and Prasad, Siva and Shehata, Mohamed},
  journal={arXiv preprint arXiv:1710.02726},
  year={2017}
}

@article{lowe2004distinctive,
  title={Distinctive image features from scale-invariant keypoints},
  author={Lowe, David G},
  journal={International journal of computer vision},
  volume={60},
  number={2},
  pages={91--110},
  year={2004},
  publisher={Springer}
}

@inproceedings{yu2013pose,
  title={Pose-free facial landmark fitting via optimized part mixtures and cascaded deformable shape model},
  author={Yu, Xiang and Huang, Junzhou and Zhang, Shaoting and Yan, Wang and Metaxas, Dimitris N},
  booktitle={Proceedings of the IEEE International Conference on Computer Vision},
  pages={1944--1951},
  year={2013}
}

@article{pu2015facial,
  title={Facial expression recognition from image sequences using twofold random forest classifier},
  author={Pu, Xiaorong and Fan, Ke and Chen, Xiong and Ji, Luping and Zhou, Zhihu},
  journal={Neurocomputing},
  volume={168},
  pages={1173--1180},
  year={2015},
  publisher={Elsevier}
}

@inproceedings{ratliff2008emotion,
  title={Emotion recognition using facial expressions with active appearance models},
  author={Ratliff, Matthew S and Patterson, Eric},
  booktitle={Proceedings of the Third IASTED International Conference on Human Computer Interaction,(Innsbruck, Austria)},
  pages={138--143},
  year={2008}
}

@article{chen2013gc,
  title={GC-ASM: Synergistic integration of graph-cut and active shape model strategies for medical image segmentation},
  author={Chen, Xinjian and Udupa, Jayaram K and Alavi, Abass and Torigian, Drew A},
  journal={Computer Vision and Image Understanding},
  volume={117},
  number={5},
  pages={513--524},
  year={2013},
  publisher={Elsevier}
}  

@inproceedings{lozano2014facial,
  title={Facial expression recognition from webcam based on active shape models and support vector machines},
  author={Lozano-Monasor, Elena and L{\'o}pez, Mar{\'\i}a T and Fern{\'a}ndez-Caballero, Antonio and Vigo-Bustos, Francisco},
  booktitle={International Workshop on Ambient Assisted Living},
  pages={147--154},
  year={2014},
  organization={Springer}
}

@inproceedings{setyati2012facial,
  title={Facial emotional expressions recognition based on active shape model and radial basis function network},
  author={Setyati, Endang and Suprapto, Yoyon K and Purnomo, Mauridhi Hery},
  booktitle={Computational Intelligence for Measurement Systems and Applications (CIMSA), 2012 IEEE International Conference On},
  pages={41--46},
  year={2012},
  organization={IEEE}
}

@inproceedings{ko2010development,
  title={Development of a Facial Emotion Recognition Method based on combining AAM with DBN},
  author={Ko, Kwang-Eun and Sim, Kwee-Bo},
  booktitle={Cyberworlds (CW), 2010 International Conference on},
  pages={87--91},
  year={2010},
  organization={IEEE}
}

@inproceedings{martins2008facial,
  title={Facial Expression Recognition Using Active Appearance Models.},
  author={Martins, Pedro and Sampaio, Joana and Batista, Jorge},
  booktitle={VISAPP (2)},
  pages={123--129},
  year={2008}
}

@inproceedings{lucey2010extended,
  title={The extended cohn-kanade dataset (ck+): A complete dataset for action unit and emotion-specified expression},
  author={Lucey, Patrick and Cohn, Jeffrey F and Kanade, Takeo and Saragih, Jason and Ambadar, Zara and Matthews, Iain},
  booktitle={Computer Vision and Pattern Recognition Workshops (CVPRW), 2010 IEEE Computer Society Conference on},
  pages={94--101},
  year={2010},
  organization={IEEE}
}


@inproceedings{wu2013facial,
  title={Facial feature tracking under varying facial expressions and face poses based on restricted boltzmann machines},
  author={Wu, Yue and Wang, Zuoguan and Ji, Qiang},
  booktitle={Proceedings of the IEEE Conference on Computer Vision and Pattern Recognition},
  pages={3452--3459},
  year={2013}
}

@inproceedings{sung2006real,
  title={A real-time facial expression recognition using the STAAM},
  author={Sung, Jaewon and Lee, Sangjae and Kim, Daijin},
  booktitle={Pattern Recognition, 2006. ICPR 2006. 18th International Conference on},
  volume={1},
  pages={275--278},
  year={2006},
  organization={IEEE}
}

@inproceedings{martin2008real,
  title={A real-time facial expression recognition system based on active appearance models using gray images and edge images},
  author={Martin, Christian and Werner, Uwe and Gross, Horst-Michael},
  booktitle={Automatic Face \& Gesture Recognition, 2008. FG'08. 8th IEEE International Conference on},
  pages={1--6},
  year={2008},
  organization={IEEE}
}

@inproceedings{cohn1998feature,
  title={Feature-point tracking by optical flow discriminates subtle differences in facial expression},
  author={Cohn, Jeffrey F and Zlochower, Adena J and Lien, James J and Kanade, Takeo},
  booktitle={Automatic Face and Gesture Recognition, 1998. Proceedings. Third IEEE International Conference On},
  pages={396--401},
  year={1998},
  organization={IEEE}
}

@article{ekman1978facial,
  title={Facial expression},
  author={Ekman, Paul},
  journal={Nonverbal behavior and communication},
  pages={97--116},
  year={1978},
  publisher={Erlbaum Hillsdale, NJ}
}

@article{lundqvist1998karolinska,
  title={The Karolinska directed emotional faces (KDEF)},
  author={Lundqvist, Daniel and Flykt, Anders and {\"O}hman, Arne},
  journal={CD ROM from Department of Clinical Neuroscience, Psychology section, Karolinska Institutet},
  number={1998},
  year={1998}
}

@inproceedings{van2005model,
  title={A model based method for automatic facial expression recognition},
  author={Van Kuilenburg, Hans and Wiering, MA and Den Uyl, Marten},
  booktitle={Proceedings of the 16th European Conference on Machine Learning (ECML'05)},
  pages={194--205},
  year={2005},
  organization={Springer}
}

@article{carcagni2015facial,
  title={Facial expression recognition and histograms of oriented gradients: a comprehensive study},
  author={Carcagn{\`\i}, Pierluigi and Del Coco, Marco and Leo, Marco and Distante, Cosimo},
  journal={SpringerPlus},
  volume={4},
  number={1},
  pages={645},
  year={2015},
  publisher={Springer}
}


@article{khan2013framework,
  title={Framework for reliable, real-time facial expression recognition for low resolution images},
  author={Khan, Rizwan Ahmed and Meyer, Alexandre and Konik, Hubert and Bouakaz, Saida},
  journal={Pattern Recognition Letters},
  volume={34},
  number={10},
  pages={1159--1168},
  year={2013},
  publisher={Elsevier}
}

@article{gross2010multi,
  title={Multi-pie},
  author={Gross, Ralph and Matthews, Iain and Cohn, Jeffrey and Kanade, Takeo and Baker, Simon},
  journal={Image and Vision Computing},
  volume={28},
  number={5},
  pages={807--813},
  year={2010},
  publisher={Elsevier}
}

@inproceedings{kanade2000comprehensive,
  title={Comprehensive database for facial expression analysis},
  author={Kanade, Takeo and Cohn, Jeffrey F and Tian, Yingli},
  booktitle={Automatic Face and Gesture Recognition, 2000. Proceedings. Fourth IEEE International Conference on},
  pages={46--53},
  year={2000},
  organization={IEEE}
}
@article{huang2011local,
  title={Local binary patterns and its application to facial image analysis: a survey},
  author={Huang, Di and Shan, Caifeng and Ardabilian, Mohsen and Wang, Yunhong and Chen, Liming},
  journal={IEEE Transactions on Systems, Man, and Cybernetics, Part C (Applications and Reviews)},
  volume={41},
  number={6},
  pages={765--781},
  year={2011},
  publisher={IEEE}
}

@article{ahonen2004face,
  title={Face recognition with local binary patterns},
  author={Ahonen, Timo and Hadid, Abdenour and Pietik{\"a}inen, Matti},
  journal={Computer vision-eccv 2004},
  pages={469--481},
  year={2004},
  publisher={Springer}
}

@inproceedings{shan2005robust,
  title={Robust facial expression recognition using local binary patterns},
  author={Shan, Caifeng and Gong, Shaogang and McOwan, Peter W},
  booktitle={Image Processing, 2005. ICIP 2005. IEEE International Conference on},
  volume={2},
  pages={II--370},
  year={2005},
  organization={IEEE}
}


@inproceedings{essa1995facial,
  title={Facial expression recognition using a dynamic model and motion energy},
  author={Essa, Irfan A and Pentland, Alex P},
  booktitle={Computer Vision, 1995. Proceedings., Fifth International Conference on},
  pages={360--367},
  year={1995},
  organization={IEEE}
}

@inproceedings{cootes1992active,
  title={Active Shape Models-'smart snakes'},
  author={Cootes, Timothy F and Taylor, Christopher J},
  booktitle={BMVC},
  volume={92},
  pages={266--275},
  year={1992}
}

@incollection{cootes1992training,
  title={Training models of shape from sets of examples},
  author={Cootes, Timothy F and Taylor, Christopher J and Cooper, David H and Graham, Jim},
  booktitle={BMVC92},
  pages={9--18},
  year={1992},
  publisher={Springer}
}



@article{cootes1995active,
  title={Active shape models-their training and application},
  author={Cootes, Timothy F and Taylor, Christopher J and Cooper, David H and Graham, Jim},
  journal={Computer vision and image understanding},
  volume={61},
  number={1},
  pages={38--59},
  year={1995},
  publisher={Elsevier}
}

@inproceedings{cootes1998activeApearance,
  title={Active Appearance Models},
  author={Cootes, T. F. and Edwards, G. J. and Taylor, C. J.},
  booktitle={ECCV98},
  volume={2},
  pages={484--498},
  year={1998}
}

@inproceedings{edwards1998interpreting,
  title={Interpreting face images using active appearance models},
  author={Edwards, Gareth J and Taylor, Christopher J and Cootes, Timothy F},
  booktitle={Automatic Face and Gesture Recognition, 1998. Proceedings. Third IEEE International Conference on},
  pages={300--305},
  year={1998},
  organization={IEEE}
}

@inproceedings{cootes1999comparing,
  title={Comparing active shape models with active appearance models.},
  author={Cootes, Timothy F and Edwards, Gareth J and Taylor, Christopher J and others},
  booktitle={Bmvc},
  volume={99},
  number={1},
  pages={173--182},
  year={1999},
  organization={Citeseer}
}

@article{cootes2001active,
  title={Active appearance models},
  author={Cootes, Timothy F. and Edwards, Gareth J. and Taylor, Christopher J.},
  journal={IEEE Transactions on pattern analysis and machine intelligence},
  volume={23},
  number={6},
  pages={681--685},
  year={2001},
  publisher={IEEE}
}


@article{breiman1996bagging,
title={Bagging predictors},
author={Breiman, Leo},
journal={Machine learning},
volume={24},
number={2},
pages={123--140},
year={1996},
publisher={Springer}
}

@inproceedings{ho1995random,
title={Random decision forests},
author={Ho, Tin Kam},
booktitle={Document Analysis and Recognition, 1995., Proceedings of the Third International Conference on},
volume={1},
pages={278--282},
year={1995},
organization={IEEE}
}

@inproceedings{dalal2005histograms,
title={Histograms of oriented gradients for human detection},
author={Dalal, Navneet and Triggs, Bill},
booktitle={2005 IEEE Computer Society Conference on Computer Vision and Pattern Recognition (CVPR'05)},
volume={1},
pages={886--893},
year={2005},
organization={IEEE}
}

@inproceedings{suard2006pedestrian,
title={Pedestrian detection using infrared images and histograms of oriented gradients},
author={Suard, Fr{\'e}d{\'e}ric and Rakotomamonjy, Alain and Bensrhair, Abdelaziz and Broggi, Alberto},
booktitle={2006 IEEE Intelligent Vehicles Symposium},
pages={206--212},
year={2006},
organization={IEEE}
}

@article{vapnik1964note,
title={A note on one class of perceptrons},
author={Vapnik, Vladimir and Chervonenkis, Alexey},
journal={Automation and remote control},
volume={25},
number={1},
year={1964}
}

@inproceedings{boser1992training,
title={A training algorithm for optimal margin classifiers},
author={Boser, Bernhard E and Guyon, Isabelle M and Vapnik, Vladimir N},
booktitle={Proceedings of the fifth annual workshop on Computational learning theory},
pages={144--152},
year={1992},
organization={ACM}
}

@book{mather2016classification,
title={Classification methods for remotely sensed data},
author={Mather, Paul and Tso, Brandt},
year={2016},
publisher={CRC press}
}

@inproceedings{viola2001rapid,
title={Rapid object detection using a boosted cascade of simple features},
author={Viola, Paul and Jones, Michael},
booktitle={Computer Vision and Pattern Recognition, 2001. CVPR 2001. Proceedings of the 2001 IEEE Computer Society Conference on},
volume={1},
pages={I--511},
year={2001},
organization={IEEE}
}

@article{hsu2003practical,
title={A practical guide to support vector classification},
author={Hsu, Chih-Wei and Chang, Chih-Chung and Lin, Chih-Jen and others},
year={2003}
}

@inproceedings{ho1995random,
title={Random decision forests},
author={Ho, Tin Kam},
booktitle={Document Analysis and Recognition, 1995., Proceedings of the Third International Conference on},
volume={1},
pages={278--282},
year={1995},
organization={IEEE}
}

@article{breiman2001random,
title={Random forests},
author={Breiman, Leo},
journal={Machine learning},
volume={45},
number={1},
pages={5--32},
year={2001},
publisher={Springer}
}

@inproceedings{fanelli2011real,
title={Real time head pose estimation with random regression forests},
author={Fanelli, Gabriele and Gall, Juergen and Van Gool, Luc},
booktitle={Computer Vision and Pattern Recognition (CVPR), 2011 IEEE Conference on},
pages={617--624},
year={2011},
organization={IEEE}
}


@article{zanaty2012support,
title={Support vector machines (SVMs) versus multilayer perception (MLP) in data classification},
author={Zanaty, EA},
journal={Egyptian Informatics Journal},
volume={13},
number={3},
pages={177--183},
year={2012},
publisher={Elsevier}
}

@book{cristianini2000introduction,
title={An introduction to support vector machines and other kernel-based learning methods},
author={Cristianini, Nello and Shawe-Taylor, John},
year={2000},
publisher={Cambridge university press}
}

@article{viola2004robust,
title={Robust real-time face detection},
author={Viola, Paul and Jones, Michael J},
journal={International journal of computer vision},
volume={57},
number={2},
pages={137--154},
year={2004},
publisher={Springer}
}



@article{breiman1999,
title={Random forests—random features},
author={Breiman, Leo},
journal={Technical Report 567},
year={1999},
publisher={Statistics
Department, University of California, Berkeley, ftp://ftp.stat.berkeley.edu/pub/users/
breiman.}
}

@book{james2013introduction,
title={An introduction to statistical learning},
author={James, Gareth and Witten, Daniela and Hastie, Trevor and Tibshirani, Robert},
volume={6},
year={2013},
publisher={Springer}
}

@article{strobl2007bias,
title={Bias in random forest variable importance measures: Illustrations, sources and a solution},
author={Strobl, Carolin and Boulesteix, Anne-Laure and Zeileis, Achim and Hothorn, Torsten},
journal={BMC bioinformatics},
volume={8},
number={1},
pages={1},
year={2007},
publisher={BioMed Central}
}



@article{ross2004procrustes,
title={Procrustes analysis},
author={Ross, Amy},
journal={Course report, Department of Computer Science and Engineering, University of South Carolina},
year={2004}
}


@inproceedings{kumari2016fusion,
title={Fusion of features for the effective facial expression recognition},
author={Kumari, Jyoti and Rajesh, R and Kumar, Abhinav},
booktitle={Communication and Signal Processing (ICCSP), 2016 International Conference on},
pages={0457--0461},
year={2016},
organization={IEEE}
}



@article{eleftheriadis2015discriminative,
title={Discriminative shared gaussian processes for multiview and view-invariant facial expression recognition},
author={Eleftheriadis, Stefanos and Rudovic, Ognjen and Pantic, Maja},
journal={IEEE transactions on image processing},
volume={24},
number={1},
pages={189--204},
year={2015},
publisher={IEEE}
}

@article{mishra2015survey,
title={A survey on facial expression recognition techniques},
author={Mishra, Swati and Dhole, Avinash},
journal={International Journal of Science and Research},
volume={4},
number={4},
pages={1247--1250},
year={2015}
}

@inproceedings{orrite2009hog,
title={Hog-based decision tree for facial expression classification},
author={Orrite, Carlos and Ga{\~n}{\'a}n, Andr{\'e}s and Rogez, Gr{\'e}gory},
booktitle={Iberian Conference on Pattern Recognition and Image Analysis},
pages={176--183},
year={2009},
organization={Springer}
}

@inproceedings{chen2014facial,
title={Facial expression recognition based on facial components detection and hog features},
author={Chen, Junkai and Chen, Zenghai and Chi, Zheru and Fu, Hong},
booktitle={International Workshops on Electrical and Computer Engineering Subfields},
pages={884--888},
year={2014}
}

@inproceedings{dahmane2011emotion,
title={Emotion recognition using dynamic grid-based HoG features},
author={Dahmane, Mohamed and Meunier, Jean},
booktitle={Automatic Face \& Gesture Recognition and Workshops (FG 2011), 2011 IEEE International Conference on},
pages={884--888},
year={2011},
organization={IEEE}
}

@article{moore2011local,
title={Local binary patterns for multi-view facial expression recognition},
author={Moore, S and Bowden, R},
journal={Computer Vision and Image Understanding},
volume={115},
number={4},
pages={541--558},
year={2011},
publisher={Elsevier}
}

@techreport{huang2007labeled,
title={Labeled faces in the wild: A database for studying face recognition in unconstrained environments},
author={Huang, Gary B and Ramesh, Manu and Berg, Tamara and Learned-Miller, Erik},
year={2007},
institution={Technical Report 07-49, University of Massachusetts, Amherst}
}

@inproceedings{gritti2008local,
title={Local features based facial expression recognition with face registration errors},
author={Gritti, Tommaso and Shan, Caifeng and Jeanne, Vincent and Braspenning, Ralph},
booktitle={Automatic Face \& Gesture Recognition, 2008. FG'08. 8th IEEE International Conference on},
pages={1--8},
year={2008},
organization={IEEE}
}


@article{ahonen2006face,
title={Face description with local binary patterns: Application to face recognition},
author={Ahonen, Timo and Hadid, Abdenour and Pietikainen, Matti},
journal={IEEE transactions on pattern analysis and machine intelligence},
volume={28},
number={12},
pages={2037--2041},
year={2006},
publisher={IEEE}
}

@inproceedings{akyol2016image,
title={Image-based facial expression detection},
author={Akyol, Funda and {\c{S}}ahin, P{\i}nar Duygulu},
booktitle={Signal Processing and Communication Application Conference (SIU), 2016 24th},
pages={609--612},
year={2016},
organization={IEEE}
}



@inproceedings{santra2016saliency,
title={Local saliency-inspired binary patterns for automatic recognition of multi-view facial expression},
author={Santra, Bikash and Mukherjee, Dipti Prasad},
booktitle={Image Processing (ICIP), 2016 IEEE International Conference on},
pages={624--628},
year={2016},
organization={IEEE}
}

@article{zhou2013local,
title={Local binary pattern (LBP) and local phase quantization (LBQ) based on Gabor filter for face representation},
author={Zhou, Shu-Ren and Yin, Jian-Ping and Zhang, Jian-Ming},
journal={Neurocomputing},
volume={116},
pages={260--264},
year={2013},
publisher={Elsevier}
}

@article{ojala1996comparative,
title={A comparative study of texture measures with classification based on featured distributions},
author={Ojala, Timo and Pietik{\"a}inen, Matti and Harwood, David},
journal={Pattern recognition},
volume={29},
number={1},
pages={51--59},
year={1996},
publisher={Elsevier}
}

@article{chao2015facial,
title={Facial expression recognition based on improved local binary pattern and class-regularized locality preserving projection},
author={Chao, Wei-Lun and Ding, Jian-Jiun and Liu, Jun-Zuo},
journal={Signal Processing},
volume={117},
pages={1--10},
year={2015},
publisher={Elsevier}
}

@article{wang2016facial,
title={A Facial Expression Recognition Method Based on Feature Blocks},
author={Wang, Wencheng},
journal={Journal of Control Engineering and Applied Informatics},
volume={18},
number={4},
pages={77--85},
year={2016}
}

@article{luo2013facial,
title={Facial expression recognition based on fusion feature of PCA and LBP with SVM},
author={Luo, Yuan and Wu, Cai-ming and Zhang, Yi},
journal={Optik-International Journal for Light and Electron Optics},
volume={124},
number={17},
pages={2767--2770},
year={2013},
publisher={Elsevier}
}

@article{mangat2017facial,
title={Facial Expression Recognition based on Local Binary Patterns (LBP)},
author={Mangat, Amanpreet Kaur and Ranade, Sukhjeet Kaur},
journal={International Journal of Advanced Research in Computer Science},
volume={7},
number={4},
year={2017}
}

@inproceedings{bhakta2015method,
title={A method of learning based boosting in multiple classifier for color facial expression identification},
author={Bhakta, Dhananjoy and Scholar, Research and Sarker, Goutam},
booktitle={Recent Trends in Information Systems (ReTIS), 2015 IEEE 2nd International Conference on},
pages={319--324},
year={2015},
organization={IEEE}
}

@inproceedings{santra2016local,
title={Local dominant binary patterns for recognition of multi-view facial expressions},
author={Santra, Bikash and Mukherjee, Dipti Prasad},
booktitle={Proceedings of the Tenth Indian Conference on Computer Vision, Graphics and Image Processing},
pages={25},
year={2016},
organization={ACM}
}

@article{ojala2002multiresolution,
title={Multiresolution gray-scale and rotation invariant texture classification with local binary patterns},
author={Ojala, Timo and Pietikainen, Matti and Maenpaa, Topi},
journal={IEEE Transactions on pattern analysis and machine intelligence},
volume={24},
number={7},
pages={971--987},
year={2002},
publisher={IEEE}
}


@article{breiman2002manual,
title={Manual on setting up, using, and understanding random forests v3. 1},
author={Breiman, Leo},
journal={Statistics Department University of California Berkeley, CA, USA},
volume={1},
year={2002}
}

@article{liaw2002classification,
title={Classification and regression by randomForest},
author={Liaw, Andy and Wiener, Matthew},
journal={R news},
volume={2},
number={3},
pages={18--22},
year={2002}
}


@article{chou2010optimizing,
title={Optimizing the prediction accuracy of concrete compressive strength based on a comparison of data-mining techniques},
author={Chou, Jui-Sheng and Chiu, Chien-Kuo and Farfoura, Mahmoud and Al-Taharwa, Ismail},
journal={Journal of Computing in Civil Engineering},
volume={25},
number={3},
pages={242--253},
year={2010},
publisher={American Society of Civil Engineers}
}

@inproceedings{rao2015multi,
title={Multi-pose facial expression recognition based on SURF boosting},
author={Rao, Qiyu and Qu, Xing and Mao, Qirong and Zhan, Yongzhao},
booktitle={Affective Computing and Intelligent Interaction (ACII), 2015 International Conference on},
pages={630--635},
year={2015},
organization={IEEE}
}

@article{bradley2007adaptive,
title={Adaptive thresholding using the integral image},
author={Bradley, Derek and Roth, Gerhard},
journal={Journal of graphics, gpu, and game tools},
volume={12},
number={2},
pages={13--21},
year={2007},
publisher={Taylor \& Francis}
}

@article{kendall1989survey,
title={A survey of the statistical theory of shape},
author={Kendall, David G},
journal={Statistical Science},
pages={87--99},
year={1989},
publisher={JSTOR}
}

@article{goshtasby1986piecewise,
title={Piecewise linear mapping functions for image registration},
author={Goshtasby, Ardeshir},
journal={Pattern Recognition},
volume={19},
number={6},
pages={459--466},
year={1986},
publisher={Elsevier}
}





@inproceedings{lowe1999object,
title={Object recognition from local scale-invariant features},
author={Lowe, David G},
booktitle={Computer vision, 1999. The proceedings of the seventh IEEE international conference on},
volume={2},
pages={1150--1157},
year={1999},
organization={Ieee}
}

@article{panchal2013comparison,
title={A comparison of SIFT and SURF},
author={Panchal, PM and Panchal, SR and Shah, SK},
journal={International Journal of Innovative Research in Computer and Communication Engineering},
volume={1},
number={2},
pages={323--327},
year={2013}
}

@article{otsu1975threshold,
title={A threshold selection method from gray-level histograms},
author={Otsu, Nobuyuki},
journal={Automatica},
volume={11},
number={285-296},
pages={23--27},
year={1975}
}

@inproceedings{huang2012learning,
title={Learning to align from scratch},
author={Huang, Gary and Mattar, Marwan and Lee, Honglak and Learned-Miller, Erik G},
booktitle={Advances in Neural Information Processing Systems},
pages={764--772},
year={2012}
}

@inproceedings{yuqian2016action,
title={Action Unit Selective Feature Maps in Deep Networks for Facial Expression Recognition},
author={Yuqian, ZHOU and Bertram, E},
booktitle ={ The 2017 International Joint Conference on Neural Networks (IJCNN 2017)  },
year={2016},
organization={Ieee}

}


@article{hazewinkel2001affine,
  title={Affine transformation},
  author={Hazewinkel, Michiel},
  journal={Encyclopedia of Mathematics, Springer},
  year={2001}
}

@article{brochu2010tutorial,
  title={A tutorial on Bayesian optimization of expensive cost functions, with application to active user modeling and hierarchical reinforcement learning},
  author={Brochu, Eric and Cora, Vlad M and De Freitas, Nando},
  journal={arXiv preprint arXiv:1012.2599},
  year={2010}
}



@article{lindeberg1998feature,
  title={Feature detection with automatic scale selection},
  author={Lindeberg, Tony},
  journal={International journal of computer vision},
  volume={30},
  number={2},
  pages={79--116},
  year={1998},
  publisher={Kluwer Academic Publishers}
}

@article{bay2008speeded,
  title={Speeded-up robust features (SURF)},
  author={Bay, Herbert and Ess, Andreas and Tuytelaars,Tinne and Van Gool, Luc},
  journal={Computer vision and image understanding},
  volume={110},
  number={3},
  pages={346--359},
  year={2008},
  publisher={Elsevier}
}

@inproceedings{louppe2013understanding,
  title={Understanding variable importances in forests of randomized trees},
  author={Louppe, Gilles and Wehenkel, Louis and Sutera, Antonio and Geurts, Pierre},
  booktitle={Advances in neural information processing systems},
  pages={431--439},
  year={2013}
}


@article{belle2008detection,
  title={Detection and recognition of human faces using random forests for a mobile robot},
  author={Belle, VAISHAK},
  journal={Master of Science Thesis, Academic Knowledge-based Systems Group},
  year={2008}
}

@article{shan2009facial,
  title={Facial expression recognition based on local binary patterns: A comprehensive study},
  author={Shan, Caifeng and Gong, Shaogang and McOwan, Peter W},
  journal={Image and Vision Computing},
  volume={27},
  number={6},
  pages={803--816},
  year={2009},
  publisher={Elsevier}
}


@article{bay2006surf,
  title={Surf: Speeded up robust features},
  author={Bay, Herbert and Tuytelaars, Tinne and Van Gool, Luc},
  journal={Computer vision--ECCV 2006},
  pages={404--417},
  year={2006},
  publisher={Springer}
}